@EBNF{BNF:EBNFPete,
  author = 	 {Pete Jinks},
  title = 	 {Notations for context-free grammars},
  year = 	 {2006},
  month = 	 {July},
  note =         {\url{http://www.cs.manchester.ac.uk/~pjj/bnf/bnf.html}},
}

@WikiBook{wikibook:wikibooktjyang,
  author = 	 {T.J Yang},
  title = 	 {System Monitoring with Hobbit},
  year = 	 {2006},
  month = 	 {July},
  note =         {\url{http://en.wikibooks.org/wiki/System_Monitoring_with_Hobbit}},
}


@Unpublished{gruenbacher:2005,
  author = 	 {Andreas Gruenbacher},
  title = 	 {How To Survive With Many Patches (Introduction to \texttt{quilt})},
  year = 	 {2005},
  month = 	 {June},
  note =         {\url{http://www.suse.de/~agruen/quilt.pdf}},
}

@InProceedings{web:europython,
  author = 	 {Bryan O'Sullivan},
  title = 	 {Achieving High Performance in Mercurial},
  booktitle = 	 {EuroPython Conference},
  year = 	 {2006},
  month = 	 {July},
  note = 	 {\url{XXX}},
}

@Misc{web:diffstat,
  author = 	 {Thomas Dickey},
  title = 	 {\texttt{diffstat}--make a histogram of \texttt{diff} output},
  note = 	 {\url{http://dickey.his.com/diffstat/diffstat.html}},
}

@Misc{web:quilt,
  author = 	 {Andreas Gruenbacher, Martin Quinson, Jean Delvare},
  title = 	 {Patchwork Quilt},
  note = 	 {\url{http://savannah.nongnu.org/projects/quilt}},
}

@Misc{web:patchutils,
  author = 	 {Tim Waugh},
  title = 	 {\texttt{patchutils}--programs that operate on patch files},
  note = 	 {\url{http://cyberelk.net/tim/patchutils/}},
}

@Misc{web:mpatch,
  author = 	 {Chris Mason},
  title = 	 {\texttt{mpatch}--help solve patch rejects},
  note = 	 {\url{http://oss.oracle.com/~mason/mpatch/}},
}

@Misc{web:wiggle,
  author = 	 {Neil Brown},
  title = 	 {\texttt{wiggle}--apply conflicting patches},
  note = 	 {\url{http://cgi.cse.unsw.edu.au/~neilb/source/wiggle/}},
}


@Misc{web:wikibook-hobbit,
  author =	 {T.J. Yang},
  title =	 {System Monitoring with Hobbit},
  note =	 {\url{http://en.wikibooks.org/wiki/System_Monitoring_with_Hobbit}},
}


@Misc{web:mysql-python,
  author =	 {Andy Dustman},
  title =	 {MySQL for Python},
  note =	 {\url{http://sourceforge.net/projects/mysql-python}},
}

@Misc{web:changelog,
  author =	 {Richard Stallman, GNU Project volunteers},
  title =	 {GNU Coding Standards---Change Logs},
  note =	 {\url{http://www.gnu.org/prep/standards/html_node/Change-Logs.html}},
}

@Misc{web:macpython,
  author =	 {Bob Ippolito, Ronald Oussoren},
  title =	 {Universal MacPython},
  note =	 {\url{http://bob.pythonmac.org/archives/2006/04/10/python-and-universal-binaries-on-mac-os-x/}},
}

@Misc{web:putty,
  author =	 {Simon Tatham},
  title =	 {PuTTY---open source ssh client for Windows},
  note =	 {\url{http://www.chiark.greenend.org.uk/~sgtatham/putty/}},
}

@Misc{web:configparser,
  author =       {Python.org},
  title =	 {\texttt{ConfigParser}---Configuration file parser},
  note =	 {\url{http://docs.python.org/lib/module-ConfigParser.html}},
}

@Misc{web:chubby,
  author =       {Mike Burrows},
  title =	 {\texttt{Chubby}---The Chubby Lock Service for Loosely-Coupled Distributed Systems},
  note =	 {\url{http://research.google.com/archive/chubby.html}},
}

